@ONLINE{android:2014,
author = {Developers Android},
title = {Develop. Android Developers},
month = Fev,
year = {2014},
url = {http://developer.android.com/develop/index.html}
}
